<record><leader>00000cas a22000007a 4500</leader><controlfield tag="001">20109883</controlfield><controlfield tag="008">890801d19231936mouwr ne      0    0eng d</controlfield><datafield ind1=" " ind2=" " tag="010"><subfield code="a">sn 89066815 </subfield></datafield><datafield ind1=" " ind2=" " tag="040"><subfield code="a">MQN</subfield><subfield code="b">eng</subfield><subfield code="c">MQN</subfield><subfield code="d">OCLCQ</subfield></datafield><datafield ind1=" " ind2=" " tag="042"><subfield code="a">msc</subfield></datafield><datafield ind1="0" ind2="0" tag="245"><subfield code="a">St. Louis County leader.</subfield></datafield><datafield ind1="3" ind2="0" tag="246"><subfield code="a">Saint Louis County leader</subfield></datafield><datafield ind1=" " ind2=" " tag="260"><subfield code="a">St. Louis, Mo., Clayton Branch :</subfield><subfield code="b">Leader Print. and Pub. Co.,</subfield><subfield code="c">1923-1936.</subfield></datafield><datafield ind1=" " ind2=" " tag="300"><subfield code="a">v.</subfield></datafield><datafield ind1=" " ind2=" " tag="310"><subfield code="a">Weekly</subfield></datafield><datafield ind1="0" ind2=" " tag="362"><subfield code="a">Vol. 1, no. 1 (Feb. 16, 1923)-v. 14, no. 32 (Sept. 4, 1936).</subfield></datafield><datafield ind1=" " ind2=" " tag="752"><subfield code="a">United States</subfield><subfield code="b">Missouri</subfield><subfield code="d">Saint Louis.</subfield></datafield><datafield ind1=" " ind2=" " tag="752"><subfield code="a">United States</subfield><subfield code="b">Missouri</subfield><subfield code="c">Saint Louis</subfield><subfield code="d">Clayton.</subfield></datafield><datafield ind1="0" ind2="5" tag="780"><subfield code="t">Sentinel-democrat</subfield><subfield code="w">(DLC)sn 89066814</subfield></datafield><datafield ind1="0" ind2="0" tag="785"><subfield code="t">St. Louis County leader and legal record</subfield><subfield code="w">(DLC)sn 89066825</subfield></datafield></record>